<mx:record xmlns="http://www.w3.org/TR/xhtml1/strict" xmlns:mx="http://www.loc.gov/MARC21/slim" xmlns:xsi="http://www.w3.org/2001/XMLSchema-instance"><mx:leader>00000cz   2200000n  4500</mx:leader><mx:controlfield tag="001">oca04926957 </mx:controlfield><mx:controlfield tag="005">20051124071241.0</mx:controlfield><mx:controlfield tag="008">990216n| acannaabn          |a aaa     c</mx:controlfield><mx:datafield ind1=" " ind2=" " tag="010"><mx:subfield code="a">nr 99005326</mx:subfield></mx:datafield><mx:datafield ind1=" " ind2=" " tag="035"><mx:subfield code="a">(OCoLC)oca04926957</mx:subfield></mx:datafield><mx:datafield ind1=" " ind2=" " tag="040"><mx:subfield code="a">NNU</mx:subfield><mx:subfield code="b">eng</mx:subfield><mx:subfield code="c">NNU</mx:subfield><mx:subfield code="d">MoSU</mx:subfield></mx:datafield><mx:datafield ind1="0" ind2=" " tag="100"><mx:subfield code="a">Simeo Sethus</mx:subfield></mx:datafield><mx:datafield ind1="1" ind2=" " tag="400"><mx:subfield code="a">Seth, Symeon</mx:subfield></mx:datafield><mx:datafield ind1="1" ind2=" " tag="400"><mx:subfield code="a">Seth, Siméon</mx:subfield></mx:datafield><mx:datafield ind1="0" ind2=" " tag="400"><mx:subfield code="a">Siméon Seth</mx:subfield></mx:datafield><mx:datafield ind1="1" ind2=" " tag="400"><mx:subfield code="a">Sethus, Simeo</mx:subfield></mx:datafield><mx:datafield ind1=" " ind2=" " tag="670"><mx:subfield code="a">Simeonis Sethi Syntagma de alimentorum facultatibus, 1868.</mx:subfield></mx:datafield><mx:datafield ind1=" " ind2=" " tag="670"><mx:subfield code="a">RLIN, Feb. 16, 1999</mx:subfield><mx:subfield code="b">(hdg.: Seth, Symeon; no usage)</mx:subfield></mx:datafield><mx:datafield ind1=" " ind2=" " tag="670"><mx:subfield code="a">LC database, Feb. 22, 1999</mx:subfield><mx:subfield code="b">(hdg.: Simeo Sethus; usage: Siméon Seth)</mx:subfield></mx:datafield><mx:datafield ind1=" " ind2=" " tag="670"><mx:subfield code="a">Oxford dictionary of Byzantium</mx:subfield><mx:subfield code="b">(Seth, Symeon; fl. second half of 11th century; scientist; wrote on diet, physics and medicine; translated from Arabic)</mx:subfield></mx:datafield><mx:datafield ind1=" " ind2=" " tag="999"><mx:subfield code="a">397</mx:subfield></mx:datafield></mx:record>